@InBook{Nambiar2011,
  Title                    = {Transaction Processing Performance Council (TPC): State of the Council 2010},
  Author                   = {Nambiar, Raghunath and Wakou, Nicholas and Carman, Forrest and Majdalany, Michael},
  Editor                   = {Nambiar, Raghunath and Poess, Meikel},
  Pages                    = {1--9},
  Publisher                = {Springer Berlin Heidelberg},
  Year                     = {2011},

  Address                  = {Berlin, Heidelberg},

  Booktitle                = {Performance Evaluation, Measurement and Characterization of Complex Systems: Second TPC Technology Conference, TPCTC 2010, Singapore, September 13-17, 2010. Revised Selected Papers},
  Doi                      = {10.1007/978-3-642-18206-8_1},
  ISBN                     = {978-3-642-18206-8},
  Url                      = {http://dx.doi.org/10.1007/978-3-642-18206-8_1}
}

@Article{DBLP:journals/sigmod/AnglesBLF0ENMKT14,
  Title                    = {The linked data benchmark council: a graph and {RDF} industry benchmarking effort},
  Author                   = {Renzo Angles and Peter A. Boncz and Josep{-}Lluis Larriba{-}Pey and Irini Fundulaki and Thomas Neumann and Orri Erling and Peter Neubauer and Norbert Mart{\'{\i}}nez{-}Bazan and Venelin Kotsev and Ioan Toma},
  Journal                  = {{SIGMOD} Record},
  Year                     = {2014},
  Number                   = {1},
  Pages                    = {27--31},
  Volume                   = {43},

  Bibsource                = {dblp computer science bibliography, http://dblp.org},
  Biburl                   = {http://dblp.uni-trier.de/rec/bib/journals/sigmod/AnglesBLF0ENMKT14},
  Doi                      = {10.1145/2627692.2627697},
  Timestamp                = {Wed, 04 Jun 2014 21:15:24 +0200},
  Url                      = {http://doi.acm.org/10.1145/2627692.2627697}
}
